<?xml version="1.0" encoding="UTF-8"?><collection xmlns="http://www.loc.gov/MARC21/slim"><record><leader>00403nam--2200121-i-4500</leader><controlfield tag="001">000025509</controlfield><controlfield tag="002">20161230</controlfield><controlfield tag="005">20161230201036</controlfield><controlfield tag="008">060222s1000------------r-----000-0-eng-d</controlfield><datafield ind1=" " ind2=" " tag="100"><subfield code="a">Jovanovic, D., Zivanovic, B.And Ristic, M.M</subfield></datafield><datafield ind1=" " ind2=" " tag="245"><subfield code="a">The inflluence of time upon vibratory compaction of the uo2 powder</subfield></datafield><datafield ind1=" " ind2=" " tag="260"><subfield code="a">Belgrade, Institute Of Nuclear Sciences `Boris Kidric`, 1963, 11p.+ 6 Fig</subfield></datafield><datafield ind1=" " ind2=" " tag="852"><subfield code="a">8925</subfield></datafield></record></collection>